<record><leader>00000cas a22000007a 4500</leader><controlfield tag="001">11376199</controlfield><controlfield tag="008">841112d18601861wiuwr ne      0    0eng d</controlfield><datafield ind1=" " ind2=" " tag="010"><subfield code="a">sn 84045021 </subfield></datafield><datafield ind1=" " ind2=" " tag="040"><subfield code="a">NPA</subfield><subfield code="b">eng</subfield><subfield code="c">NPA</subfield><subfield code="d">NPV</subfield><subfield code="d">OCLCQ</subfield></datafield><datafield ind1=" " ind2=" " tag="042"><subfield code="a">msc</subfield></datafield><datafield ind1="0" ind2="0" tag="245"><subfield code="a">La Crosse weekly mirror.</subfield></datafield><datafield ind1=" " ind2=" " tag="260"><subfield code="a">La Crosse, Wis. :</subfield><subfield code="b">Harry R. Hayden</subfield></datafield><datafield ind1=" " ind2=" " tag="300"><subfield code="a">v.</subfield></datafield><datafield ind1=" " ind2=" " tag="310"><subfield code="a">Weekly</subfield></datafield><datafield ind1="1" ind2=" " tag="362"><subfield code="a">Began with Sept. 3, 1860 issue; ceased with Mar. 4, 1861 issue.</subfield><subfield code="z">Cf. Oehlerts, d. Guide to Wis. newspapers, 1833-1957.</subfield></datafield><datafield ind1=" " ind2=" " tag="580"><subfield code="a">Issued also in a daily edition called: La Crosse daily mirror.</subfield></datafield><datafield ind1=" " ind2=" " tag="588"><subfield code="a">Description based on: Vol. 1, no. 2 (Sept. 10, 1860).</subfield></datafield><datafield ind1=" " ind2=" " tag="752"><subfield code="a">United States</subfield><subfield code="b">Wisconsin</subfield><subfield code="c">La Crosse</subfield><subfield code="d">La Crosse.</subfield></datafield><datafield ind1="1" ind2=" " tag="775"><subfield code="t">Crosse daily mirror</subfield><subfield code="w">(DLC)sn 84045020</subfield></datafield></record>